<record><leader>00000cas a2200000Ma 4500</leader><controlfield tag="001">10892093</controlfield><controlfield tag="008">840627d18531857nhudn ne      0    0eng d</controlfield><datafield ind1=" " ind2=" " tag="010"><subfield code="a">sn 84023497 </subfield></datafield><datafield ind1=" " ind2=" " tag="040"><subfield code="a">AQM</subfield><subfield code="b">eng</subfield><subfield code="c">AQM</subfield><subfield code="d">OCLCG</subfield><subfield code="d">OCLCQ</subfield></datafield><datafield ind1="0" ind2=" " tag="130"><subfield code="a">Morning chronicle (Portsmouth, N.H.)</subfield></datafield><datafield ind1="1" ind2="0" tag="245"><subfield code="a">Morning chronicle.</subfield></datafield><datafield ind1="1" ind2="3" tag="246"><subfield code="a">Daily morning chronicle</subfield></datafield><datafield ind1=" " ind2=" " tag="260"><subfield code="a">Portsmouth, N.H. :</subfield><subfield code="b">Millers &amp; Gray</subfield></datafield><datafield ind1=" " ind2=" " tag="300"><subfield code="a">v.</subfield></datafield><datafield ind1=" " ind2=" " tag="310"><subfield code="a">Daily (except Sun.)</subfield></datafield><datafield ind1="1" ind2=" " tag="362"><subfield code="a">Began in 1853; ceased in 1857.</subfield></datafield><datafield ind1=" " ind2=" " tag="500"><subfield code="a">Editors: T.H. Miller, F.W. Miller, &lt;1857&gt;.</subfield></datafield><datafield ind1=" " ind2=" " tag="500"><subfield code="a">Publisher: Frank W. Miller, 1856.</subfield></datafield><datafield ind1=" " ind2=" " tag="580"><subfield code="a">Weekly eds.: Weekly chronicle (Portsmouth, N.H.); Weekly chronicle and New Hampshire phenix.</subfield></datafield><datafield ind1=" " ind2=" " tag="588"><subfield code="a">Description based on: Vol. 3, no. 113 (Dec. 10, 1853).</subfield></datafield><datafield ind1=" " ind2="7" tag="655"><subfield code="a">Newspapers.</subfield><subfield code="2">rbgenr</subfield></datafield><datafield ind1="1" ind2=" " tag="700"><subfield code="a">Miller, Frank W.,</subfield><subfield code="d">1829-1880.</subfield></datafield><datafield ind1="1" ind2=" " tag="700"><subfield code="a">Miller, Tobias Ham,</subfield><subfield code="d">1801-1870.</subfield></datafield><datafield ind1=" " ind2=" " tag="752"><subfield code="a">United States</subfield><subfield code="b">New Hampshire</subfield><subfield code="c">Rockingham</subfield><subfield code="d">Portsmouth.</subfield></datafield><datafield ind1="1" ind2=" " tag="775"><subfield code="t">Weekly chronicle (Portsmouth, N.H.)</subfield><subfield code="w">(DLC)sn 84023500</subfield></datafield><datafield ind1="1" ind2=" " tag="775"><subfield code="t">Weekly chronicle and New Hampshire phenix</subfield></datafield><datafield ind1="0" ind2="0" tag="780"><subfield code="t">Daily morning chronicle (Portsmouth, N.H. : 1852)</subfield><subfield code="w">(DLC)sn 84023496</subfield></datafield><datafield ind1="0" ind2="0" tag="785"><subfield code="t">Daily morning chronicle (Portsmouth, N.H. : 1857)</subfield><subfield code="w">(DLC)sn 84023498</subfield></datafield></record>